[gd_scene load_steps=22 format=2]

[ext_resource path="res://Scenes/PlayerHexagon.tscn" type="PackedScene" id=1]
[ext_resource path="res://Assets/Player/Player 4/1.png" type="Texture" id=2]
[ext_resource path="res://Assets/Player/Player 4/2.png" type="Texture" id=3]
[ext_resource path="res://Assets/Player/Player 4/3.png" type="Texture" id=4]
[ext_resource path="res://Assets/Player/Player 4/4.png" type="Texture" id=5]
[ext_resource path="res://Assets/Player/Player 4/5.png" type="Texture" id=6]
[ext_resource path="res://Assets/Player/Player 4/6.png" type="Texture" id=7]
[ext_resource path="res://Assets/Player/Player 4/7.png" type="Texture" id=8]
[ext_resource path="res://Assets/Player/Player 4/8.png" type="Texture" id=9]
[ext_resource path="res://Assets/Player/Player 4/9.png" type="Texture" id=10]
[ext_resource path="res://Assets/Player/Player 4/10.png" type="Texture" id=11]
[ext_resource path="res://Assets/Player/Player 4/11.png" type="Texture" id=12]
[ext_resource path="res://Assets/Player/Player 4/12.png" type="Texture" id=13]
[ext_resource path="res://Assets/Player/Destroyed 4/1.png" type="Texture" id=14]
[ext_resource path="res://Assets/Player/Destroyed 4/2.png" type="Texture" id=15]
[ext_resource path="res://Assets/Player/Destroyed 4/3.png" type="Texture" id=16]
[ext_resource path="res://Assets/Player/Destroyed 4/4.png" type="Texture" id=17]
[ext_resource path="res://Assets/Player/Destroyed 4/5.png" type="Texture" id=18]
[ext_resource path="res://Assets/Player/Destroyed 4/6.png" type="Texture" id=19]
[ext_resource path="res://Assets/Player/Destroyed 4/7.png" type="Texture" id=20]

[sub_resource type="SpriteFrames" id=1]

animations = [ {
"frames": [ ExtResource( 2 ), ExtResource( 3 ), ExtResource( 4 ), ExtResource( 5 ), ExtResource( 6 ), ExtResource( 7 ), ExtResource( 8 ), ExtResource( 9 ), ExtResource( 10 ), ExtResource( 11 ), ExtResource( 12 ), ExtResource( 13 ) ],
"loop": true,
"name": "default",
"speed": 12.0
}, {
"frames": [ ExtResource( 14 ), ExtResource( 15 ), ExtResource( 16 ), ExtResource( 17 ), ExtResource( 18 ), ExtResource( 19 ), ExtResource( 20 ) ],
"loop": false,
"name": "destroyed",
"speed": 5.0
}, {
"frames": [ ExtResource( 2 ) ],
"loop": true,
"name": "eat",
"speed": 5.0
}, {
"frames": [ ExtResource( 2 ) ],
"loop": true,
"name": "eat-default",
"speed": 5.0
} ]

[node name="PlayerHexagon4" instance=ExtResource( 1 )]

[node name="Sprite" parent="." index="0"]

frames = SubResource( 1 )


