[gd_scene load_steps=27 format=2]

[ext_resource path="res://Scripts/PlayerHexagon.gd" type="Script" id=1]
[ext_resource path="res://Assets/Player/1/1.png" type="Texture" id=2]
[ext_resource path="res://Assets/Player/1/2.png" type="Texture" id=3]
[ext_resource path="res://Assets/Player/1/3.png" type="Texture" id=4]
[ext_resource path="res://Assets/Player/1/4.png" type="Texture" id=5]
[ext_resource path="res://Assets/Player/1/5.png" type="Texture" id=6]
[ext_resource path="res://Assets/Player/1/6.png" type="Texture" id=7]
[ext_resource path="res://Assets/Player/1/7.png" type="Texture" id=8]
[ext_resource path="res://Assets/Player/1/8.png" type="Texture" id=9]
[ext_resource path="res://Assets/Player/1/9.png" type="Texture" id=10]
[ext_resource path="res://Assets/Player/1/10.png" type="Texture" id=11]
[ext_resource path="res://Assets/Player/1/11.png" type="Texture" id=12]
[ext_resource path="res://Assets/Player/1/12.png" type="Texture" id=13]
[ext_resource path="res://Assets/Player/1- Destroyed/1.png" type="Texture" id=14]
[ext_resource path="res://Assets/Player/1- Destroyed/2.png" type="Texture" id=15]
[ext_resource path="res://Assets/Player/1- Destroyed/3.png" type="Texture" id=16]
[ext_resource path="res://Assets/Player/1- Destroyed/4.png" type="Texture" id=17]
[ext_resource path="res://Assets/Player/1- Destroyed/5.png" type="Texture" id=18]
[ext_resource path="res://Assets/Player/1- Destroyed/6.png" type="Texture" id=19]
[ext_resource path="res://Assets/Player/1- Destroyed/7.png" type="Texture" id=20]
[ext_resource path="res://Assets/Power-UP/Shield animacja/Tarcza.png" type="Texture" id=21]
[ext_resource path="res://Sounds/smierc lub wybuch chociaz bardziej smierc 01.wav" type="AudioStream" id=22]

[sub_resource type="SpriteFrames" id=1]

animations = [ {
"frames": [ ExtResource( 2 ), ExtResource( 3 ), ExtResource( 4 ), ExtResource( 5 ), ExtResource( 6 ), ExtResource( 7 ), ExtResource( 8 ), ExtResource( 9 ), ExtResource( 10 ), ExtResource( 11 ), ExtResource( 12 ), ExtResource( 13 ) ],
"loop": true,
"name": "default",
"speed": 12.0
}, {
"frames": [ ExtResource( 14 ), ExtResource( 15 ), ExtResource( 16 ), ExtResource( 17 ), ExtResource( 18 ), ExtResource( 19 ), ExtResource( 20 ) ],
"loop": false,
"name": "destroyed",
"speed": 5.0
}, {
"frames": [ ExtResource( 2 ) ],
"loop": true,
"name": "eat",
"speed": 5.0
}, {
"frames": [ ExtResource( 2 ) ],
"loop": true,
"name": "eat-default",
"speed": 5.0
} ]

[sub_resource type="CircleShape2D" id=2]

custom_solver_bias = 0.0
radius = 31.1601

[sub_resource type="CircleShape2D" id=3]

custom_solver_bias = 0.0
radius = 31.98

[sub_resource type="Animation" id=4]

resource_name = "Shield"
length = 1.5
loop = false
step = 0.1
tracks/0/type = "value"
tracks/0/path = NodePath("Shield:modulate")
tracks/0/interp = 1
tracks/0/loop_wrap = true
tracks/0/imported = false
tracks/0/enabled = true
tracks/0/keys = {
"times": PoolRealArray( 0, 0.3, 0.5, 0.8, 1, 1.2, 1.4, 1.5 ),
"transitions": PoolRealArray( 1, 1, 1, 1, 1, 1, 1, 1 ),
"update": 0,
"values": [ Color( 1, 1, 1, 0 ), Color( 1, 1, 1, 1 ), Color( 1, 1, 1, 0 ), Color( 1, 1, 1, 1 ), Color( 1, 1, 1, 0 ), Color( 1, 1, 1, 1 ), Color( 1, 1, 1, 0 ), Color( 1, 1, 1, 1 ) ]
}

[node name="PlayerHexagon" type="KinematicBody2D" groups=[
"Player",
]]

input_pickable = false
collision_layer = 1
collision_mask = 0
collision/safe_margin = 0.08
script = ExtResource( 1 )
_sections_unfolded = [ "Collision", "Transform", "collision" ]

[node name="Sprite" type="AnimatedSprite" parent="." index="0"]

pause_mode = 2
scale = Vector2( 0.2, 0.2 )
frames = SubResource( 1 )
animation = "default"
_sections_unfolded = [ "Pause", "Transform", "Visibility" ]

[node name="Shield" type="Sprite" parent="." index="1"]

visible = false
scale = Vector2( 0.6, 0.6 )
texture = ExtResource( 21 )
_sections_unfolded = [ "Transform", "Visibility" ]

[node name="CollisionShape2D" type="CollisionShape2D" parent="." index="2"]

shape = SubResource( 2 )

[node name="Detect" type="Area2D" parent="." index="3"]

editor/display_folded = true
input_pickable = true
gravity_vec = Vector2( 0, 1 )
gravity = 98.0
linear_damp = 0.1
angular_damp = 1.0
collision_mask = 28
audio_bus_override = false
audio_bus_name = "Master"
_sections_unfolded = [ "Collision" ]

[node name="CollisionShape2D" type="CollisionShape2D" parent="Detect" index="0"]

shape = SubResource( 3 )

[node name="Dead" type="AudioStreamPlayer" parent="." index="4"]

stream = ExtResource( 22 )
volume_db = 0.0
pitch_scale = 1.0
autoplay = false
mix_target = 0
bus = "Sound"

[node name="AnimationPlayer" type="AnimationPlayer" parent="." index="5"]

root_node = NodePath("..")
autoplay = ""
playback_process_mode = 1
playback_default_blend_time = 0.0
playback_speed = 1.0
anims/Shield = SubResource( 4 )
blend_times = [  ]

[connection signal="animation_finished" from="Sprite" to="." method="_on_Sprite_animation_finished"]

[connection signal="body_entered" from="Detect" to="." method="_on_Detect_body_entered"]

[connection signal="animation_finished" from="AnimationPlayer" to="." method="_on_AnimationPlayer_animation_finished"]


